<collection xmlns="http://www.loc.gov/MARC21/slim">
<record>
  <leader>00411na 0a22001211i 450 </leader>
  <controlfield tag="001">IT\ICCU\CNCE\025890</controlfield>
  <controlfield tag="005">20100322000000.0</controlfield>
  <datafield tag="100" ind1=" " ind2=" ">
    <subfield code="a">19971006             0itac0103    ba</subfield>
  </datafield>
  <datafield tag="101" ind1=" " ind2=" ">
    <subfield code="a">ITA</subfield>
  </datafield>
  <datafield tag="200" ind1="1" ind2=" ">
    <subfield code="a">Discorsi del sig. Sperone Speroni ... della militia ...</subfield>
  </datafield>
  <datafield tag="700" ind1=" " ind2="1">
    <subfield code="a">Speroni,</subfield>
    <subfield code="b">Sperone</subfield>
    <subfield code="3">IT\ICCU\CNCA\005696</subfield>
  </datafield>
  <datafield tag="790" ind1=" " ind2="1">
    <subfield code="a">Speroni degli Alvarotti,</subfield>
    <subfield code="b">Sperone</subfield>
    <subfield code="3">IT\ICCU\CNCA\006991</subfield>
    <subfield code="z">Speroni, Sperone</subfield>
  </datafield>
  <datafield tag="801" ind1=" " ind2="3">
    <subfield code="a">IT</subfield>
    <subfield code="b">ICCU</subfield>
    <subfield code="c">20201114</subfield>
  </datafield>
</record>
</collection>
